@article{wombat2016,
	author   = {Walther Wombat and Klaus Koala},
	title    = {The true meaning of 42},
	journal  = {Journal of modern skepticism},
	date     = {2016},
	keywords = {trusted},
}
@article{taylor2018forecasting,
  title={Forecasting at scale},
  author={Taylor, Sean J and Letham, Benjamin},
  journal={The American Statistician},
  volume={72},
  number={1},
  pages={37--45},
  year={2018},
  publisher={Taylor \& Francis}
}
@article{ke2017lightgbm,
  title={Lightgbm: A highly efficient gradient boosting decision tree},
  author={Ke, Guolin and Meng, Qi and Finley, Thomas and Wang, Taifeng and Chen, Wei and Ma, Weidong and Ye, Qiwei and Liu, Tie-Yan},
  journal={Advances in neural information processing systems},
  volume={30},
  year={2017}
}
@article{triebe2021neuralprophet,
  title={Neuralprophet: Explainable forecasting at scale},
  author={Triebe, Oskar and Hewamalage, Hansika and Pilyugina, Polina and Laptev, Nikolay and Bergmeir, Christoph and Rajagopal, Ram},
  journal={arXiv preprint arXiv:2111.15397},
  year={2021}
}
@article{hastie1987generalized,
  title={Generalized additive models: some applications},
  author={Hastie, Trevor and Tibshirani, Robert},
  journal={Journal of the American Statistical Association},
  volume={82},
  number={398},
  pages={371--386},
  year={1987},
  publisher={Taylor \& Francis}
}
@article{hochreiter1997long,
  title={Long short-term memory},
  author={Hochreiter, Sepp and Schmidhuber, J{\"u}rgen},
  journal={Neural computation},
  volume={9},
  number={8},
  pages={1735--1780},
  year={1997},
  publisher={MIT press}
}
@article{cho2014learning,
  title={Learning phrase representations using RNN encoder-decoder for statistical machine translation},
  author={Cho, Kyunghyun and Van Merri{\"e}nboer, Bart and Gulcehre, Caglar and Bahdanau, Dzmitry and Bougares, Fethi and Schwenk, Holger and Bengio, Yoshua},
  journal={arXiv preprint arXiv:1406.1078},
  year={2014}
}
@article{carpenter2017stan,
  title={Stan: A probabilistic programming language},
  author={Carpenter, Bob and Gelman, Andrew and Hoffman, Matthew D and Lee, Daniel and Goodrich, Ben and Betancourt, Michael and Brubaker, Marcus and Guo, Jiqiang and Li, Peter and Riddell, Allen},
  journal={Journal of statistical software},
  volume={76},
  number={1},
  year={2017},
  publisher={Columbia Univ., New York, NY (United States); Harvard Univ., Cambridge, MA~â€¦}
}
@article{byrd1995limited,
  title={A limited memory algorithm for bound constrained optimization},
  author={Byrd, Richard H and Lu, Peihuang and Nocedal, Jorge and Zhu, Ciyou},
  journal={SIAM Journal on scientific computing},
  volume={16},
  number={5},
  pages={1190--1208},
  year={1995},
  publisher={SIAM}
}
@article{feizabadi2022machine,
  title={Machine learning demand forecasting and supply chain performance},
  author={Feizabadi, Javad},
  journal={International Journal of Logistics Research and Applications},
  volume={25},
  number={2},
  pages={119--142},
  year={2022},
  publisher={Taylor \& Francis}
}
@article{moroff2021machine,
  title={Machine Learning and statistics: A Study for assessing innovative demand forecasting models},
  author={Moroff, Nikolas Ulrich and Kurt, Ersin and Kamphues, Josef},
  journal={Procedia Computer Science},
  volume={180},
  pages={40--49},
  year={2021},
  publisher={Elsevier}
}
@article{hyndman2002state,
  title={A state space framework for automatic forecasting using exponential smoothing methods},
  author={Hyndman, Rob J and Koehler, Anne B and Snyder, Ralph D and Grose, Simone},
  journal={International Journal of forecasting},
  volume={18},
  number={3},
  pages={439--454},
  year={2002},
  publisher={Elsevier}
}
@article{spark2018apache,
  title={Apache spark},
  author={Spark, Apache},
  journal={Retrieved January},
  volume={17},
  number={1},
  pages={2018},
  year={2018}
}
@article{hyndman2011optimal,
  title={Optimal combination forecasts for hierarchical time series},
  author={Hyndman, Rob J and Ahmed, Roman A and Athanasopoulos, George and Shang, Han Lin},
  journal={Computational statistics \& data analysis},
  volume={55},
  number={9},
  pages={2579--2589},
  year={2011},
  publisher={Elsevier}
}

